@article{young1998evaluation,
  title={L'{\'e}valuation des services {\'e}lectroniques en biblioth{\`e}que},
  author={Young, Peter R},
  year={1998}
}
@article{chazaud19971996,
  title={The 1996 National Survey of Public Libraries and the Internet},
  author={Chazaud-Tissot, Anne-Sophie},
  year={1997}
}
